<record xmlns="http://www.loc.gov/MARC21/slim" xmlns:xsi="http://www.w3.org/2001/XMLSchema-instance" xsi:schemaLocation="http://www.loc.gov/MARC21/slim http://www.loc.gov/standards/marcxml/schema/MARC21slim.xsd"><leader>01528nam a2200301   4500</leader><controlfield tag="001">002861605</controlfield><controlfield tag="003">NNU</controlfield><controlfield tag="006">m        d        </controlfield><controlfield tag="007">cr cn |||m|||a</controlfield><controlfield tag="008">150116m19601964ir h    ob    000 0 arax</controlfield><datafield ind1=" " ind2=" " tag="040"><subfield code="a">NNU</subfield><subfield code="b">eng</subfield><subfield code="c">NNU</subfield></datafield><datafield ind1="0" ind2=" " tag="050"><subfield code="a">B753.G33</subfield><subfield code="b">I54</subfield></datafield><datafield ind1="1" ind2=" " tag="100"><subfield code="a">Fay&#7693; al-K&#257;sh&#299;, Mu&#7717;ammad ibn Murta&#7693;&#225;,</subfield><subfield code="d">1598 or 9-1680 or 81.</subfield></datafield><datafield ind1="1" ind2="3" tag="245"><subfield code="a">al-Ma&#7717;ajjah al-bay&#7693;&#257;&#700; f&#299; tahdh&#299;b al-I&#7717;y&#257;&#700;</subfield><subfield code="h">[electronic resource] /</subfield><subfield code="c">ta&#700;l&#299;f Mu&#7717;ammad ibn al-Murta&#7693;&#225; al-mad&#699;&#363; bi-al-Mawl&#225; Mu&#7717;sin al-K&#257;sh&#257;n&#299;. &#7778;a&#7717;&#7717;a&#7717;ahu wa-&#699;allaqa &#699;alayhi &#699;Al&#299; Akbar al-Ghaff&#257;r&#299;.</subfield></datafield><datafield ind1=" " ind2=" " tag="260"><subfield code="a">&#7788;ihr&#257;n,</subfield><subfield code="b">Maktabat al-&#7778;add&#363;q</subfield><subfield code="c">1339-42 [1960-63 or 4]</subfield></datafield><datafield ind1=" " ind2=" " tag="300"><subfield code="a">online resource (8 v. in 4:) :</subfield><subfield code="b">facsims.</subfield></datafield><datafield ind1=" " ind2=" " tag="500"><subfield code="a">In Arabic.</subfield></datafield><datafield ind1=" " ind2=" " tag="500"><subfield code="a">Part of the Arabic Collections Online (ACO) project, contributed by New York Univeristy Libraries.</subfield></datafield><datafield ind1=" " ind2=" " tag="504"><subfield code="a">Bibliography: v. 1, p.[36]-38.</subfield></datafield><datafield ind1=" " ind2=" " tag="533"><subfield code="a">Electronic reproduction.</subfield><subfield code="b">New York, N.Y. :</subfield><subfield code="c">New York University,</subfield><subfield code="d">2015.</subfield><subfield code="5">NNU</subfield></datafield><datafield ind1="0" ind2="0" tag="600"><subfield code="a">Ghazz&#257;l&#299;,</subfield><subfield code="d">1058-1111.</subfield><subfield code="t">I&#7717;y&#257;&#700; &#699;ul&#363;m al-d&#299;n.</subfield></datafield><datafield ind1="1" ind2=" " tag="700"><subfield code="a">Ghaff&#257;r&#299;, &#699;Al&#299; Akbar</subfield></datafield><datafield ind1="2" ind2=" " tag="710"><subfield code="a">New York University.</subfield><subfield code="b">Libraries.</subfield></datafield><datafield ind1="0" ind2=" " tag="730"><subfield code="a">Arabic Collections Online.</subfield></datafield><datafield ind1="0" ind2="8" tag="776"><subfield code="i">Print version:</subfield><subfield code="a">Fay&#7693; al-K&#257;sh&#299;, Mu&#7717;ammad ibn Murta&#7693;&#225;, 1598 or 9-1680 or 81.</subfield><subfield code="t">al-Ma&#7717;ajjah al-bay&#7693;&#257;&#700; f&#299; tahdh&#299;b al-I&#7717;y&#257;&#700;</subfield><subfield code="w">(NNU)002861605</subfield><subfield code="w">(DLC)NE 64000354</subfield></datafield><datafield ind1="4" ind2="0" tag="856"><subfield code="u">http://hdl.handle.net/2333.1/sbcc2j3h</subfield></datafield><datafield ind1=" " ind2=" " tag="959"><subfield code="a">NNU</subfield><subfield code="b">WEB</subfield><subfield code="c">GENI</subfield><subfield code="t">0</subfield><subfield code="m">Electronic access</subfield><subfield code="s">01</subfield></datafield><datafield ind1=" " ind2=" " tag="999"><subfield code="i">NNU_002861605</subfield><subfield code="o" /><subfield code="e">(ERROR-880)</subfield></datafield></record>